@article{mittal,
  author    = {Gautam Mittal and
               Jesse H. Engel and
               Curtis H. and
               Ian S.},
  title     = {Symbolic Music Generation with Diffusion Models},
  journal   = {CoRR},
  volume    = {abs/2103.16091},
  year      = {2021},
  url       = {https://arxiv.org/abs/2103.16091},
  eprinttype = {arXiv},
  eprint    = {2103.16091},
  timestamp = {Wed, 07 Apr 2021 15:31:46 +0200},
  biburl    = {https://dblp.org/rec/journals/corr/abs-2103-16091.bib},
  bibsource = {dblp computer science bibliography, https://dblp.org}
}

@misc{ho2020denoising,
      title={Denoising Diffusion Probabilistic Models}, 
      author={Jonathan Ho and Ajay Jain and Pieter Abbeel},
      year={2020},
      eprint={2006.11239},
      archivePrefix={arXiv},
      primaryClass={cs.LG}
}

@misc{choi2021ilvr,
      title={ILVR: Conditioning Method for Denoising Diffusion Probabilistic Models}, 
      author={Jooyoung Choi and Sungwon Kim and Yonghyun Jeong and Youngjune Gwon and Sungroh Yoon},
      year={2021},
      eprint={2108.02938},
      archivePrefix={arXiv},
      primaryClass={cs.CV}
}

@online{colinlmd,
    author="Colin Raffel",
    title = "Lakhs MIDI Database",
    url  = "https://colinraffel.com/projects/lmd/",
    addendum = "(accessed: 10.20.2021)",
    keywords = "midi, music, dataset"
}



@online{midiman,
    author="midi man",
    title = "The largest MIDI collection on the internet",
    url  = "https://www.reddit.com/r/WeAreTheMusicMakers/comments/3ajwe4/the_largest_midi_collection_on_the_internet/",
    addendum = "(accessed: 10.20.2021)",
    keywords = "midi, music, data"
}

@misc{song2020denoising,
      title={Denoising Diffusion Implicit Models}, 
      author={Jiaming Song and Chenlin Meng and Stefano Ermon},
      year={2020},
      eprint={2010.02502},
      archivePrefix={arXiv},
      primaryClass={cs.LG}
}

@misc{meng2021sdedit,
      title={SDEdit: Image Synthesis and Editing with Stochastic Differential Equations}, 
      author={Chenlin Meng and Yang Song and Jiaming Song and Jiajun Wu and Jun-Yan Zhu and Stefano Ermon},
      year={2021},
      eprint={2108.01073},
      archivePrefix={arXiv},
      primaryClass={cs.CV}
}
