@article{mittal,
  author    = {Gautam Mittal and
               Jesse H. Engel and
               Curtis Hawthorne and
               Ian Simon},
  title     = {Symbolic Music Generation with Diffusion Models},
  journal   = {CoRR},
  volume    = {abs/2103.16091},
  year      = {2021},
  url       = {https://arxiv.org/abs/2103.16091},
  eprinttype = {arXiv},
  eprint    = {2103.16091},
  timestamp = {Wed, 07 Apr 2021 15:31:46 +0200},
  biburl    = {https://dblp.org/rec/journals/corr/abs-2103-16091.bib},
  bibsource = {dblp computer science bibliography, https://dblp.org}
}

@misc{ho2020denoising,
      title={Denoising Diffusion Probabilistic Models}, 
      author={Jonathan Ho and Ajay Jain and Pieter Abbeel},
      year={2020},
      eprint={2006.11239},
      archivePrefix={arXiv},
      primaryClass={cs.LG}
}

@misc{choi2021ilvr,
      title={ILVR: Conditioning Method for Denoising Diffusion Probabilistic Models}, 
      author={Jooyoung Choi and Sungwon Kim and Yonghyun Jeong and Youngjune Gwon and Sungroh Yoon},
      year={2021},
      eprint={2108.02938},
      archivePrefix={arXiv},
      primaryClass={cs.CV}
}

@online{colinlmd,
    author="Colin Raffel",
    title = "Motion Sensors | Andriod Development",
    url  = "https://colinraffel.com/projects/lmd/",
    addendum = "(accessed: 10.20.2021)",
    keywords = "midi, music, dataset"
}

@online{walker,
    author="John Walker",
    title = "MIDICSV - Converting MIDI to human readable CSV format",
    url  = "https://www.fourmilab.ch/webtools/midicsv/",
    addendum = "(accessed: 10.20.2021)",
    keywords = "midi, music , tool"
}

@online{midiman,
    author="midi man",
    title = "The largest MIDI collection on the internet",
    url  = "https://www.reddit.com/r/WeAreTheMusicMakers/comments/3ajwe4/the_largest_midi_collection_on_the_internet/",
    addendum = "(accessed: 10.20.2021)",
    keywords = "midi, music, data"
}

@misc{song2020denoising,
      title={Denoising Diffusion Implicit Models}, 
      author={Jiaming Song and Chenlin Meng and Stefano Ermon},
      year={2020},
      eprint={2010.02502},
      archivePrefix={arXiv},
      primaryClass={cs.LG}
}

@article{bazin2021, ISBN={9789151955605},
   url={http://dx.doi.org/10.30746/978-91-519-5560-5},
   author={Théis Bazin and Gaëtan Hadjeres and Philippe Esling and Mikhail Malt},
   DOI={10.30746/978-91-519-5560-5},
   publisher={KTH Royal Institute of Technology},
   year={2021}
}

@misc{meng2021sdedit,
      title={SDEdit: Image Synthesis and Editing with Stochastic Differential Equations}, 
      author={Chenlin Meng and Yang Song and Jiaming Song and Jiajun Wu and Jun-Yan Zhu and Stefano Ermon},
      year={2021},
      eprint={2108.01073},
      archivePrefix={arXiv},
      primaryClass={cs.CV}
}
@online{gretton12,
      url={"http://jmlr.org/papers/v13/gretton12a.html"},
      title={A kernel two-sample test}, 
      author={A Gretton  and K M Borgwardt K and M J. Rasch and B Schölkopf and A Smola},
      year={2012}
      }

@misc{heusel2018gans,
      title={GANs Trained by a Two Time-Scale Update Rule Converge to a Local Nash Equilibrium}, 
      author={Martin Heusel and Hubert Ramsauer and Thomas Unterthiner and Bernhard Nessler and Sepp Hochreiter},
      year={2018},
      eprint={1706.08500},
      archivePrefix={arXiv},
      primaryClass={cs.LG}
}

@misc{yang2017midinet,
      title={MidiNet: A Convolutional Generative Adversarial Network for Symbolic-domain Music Generation}, 
      author={Li-Chia Yang and Szu-Yu Chou and Yi-Hsuan Yang},
      year={2017},
      eprint={1703.10847},
      archivePrefix={arXiv},
      primaryClass={cs.SD}
}

@misc{zeng2021musicbert,
      title={MusicBERT: Symbolic Music Understanding with Large-Scale Pre-Training}, 
      author={Mingliang Zeng and Xu Tan and Rui Wang and Zeqian Ju and Tao Qin and Tie-Yan Liu},
      year={2021},
      eprint={2106.05630},
      archivePrefix={arXiv},
      primaryClass={cs.SD}
}

@misc{Seitzer2020FID,
  author={Maximilian Seitzer},
  title={{pytorch-fid: FID Score for PyTorch}},
  month={August},
  year={2020},
  note={Version 0.2.1},
  howpublished={\url{https://github.com/mseitzer/pytorch-fid}},
}